<record><leader>00000cas a22000007a 4500</leader><controlfield tag="001">1567834</controlfield><controlfield tag="008">750824d19011981mnuwr ne      0    0eng d</controlfield><datafield ind1=" " ind2=" " tag="010"><subfield code="a">sn 89064332 </subfield></datafield><datafield ind1=" " ind2=" " tag="040"><subfield code="a">MUL</subfield><subfield code="b">eng</subfield><subfield code="c">MUL</subfield><subfield code="d">OCL</subfield><subfield code="d">MN#</subfield><subfield code="d">OCLCQ</subfield><subfield code="d">OCLCF</subfield><subfield code="d">OCLCO</subfield></datafield><datafield ind1=" " ind2=" " tag="042"><subfield code="a">msc</subfield></datafield><datafield ind1=" " ind2=" " tag="043"><subfield code="a">n-us-mn</subfield></datafield><datafield ind1=" " ind2=" " tag="052"><subfield code="a">4144</subfield><subfield code="b">E73</subfield></datafield><datafield ind1=" " ind2=" " tag="052"><subfield code="a">4143</subfield><subfield code="b">F7</subfield></datafield><datafield ind1="0" ind2="4" tag="245"><subfield code="a">The Emmons leader.</subfield></datafield><datafield ind1=" " ind2=" " tag="260"><subfield code="a">Emmons, Minn. :</subfield><subfield code="b">H.W. Wiley,</subfield><subfield code="c">-1981.</subfield></datafield><datafield ind1=" " ind2=" " tag="300"><subfield code="a">v.</subfield></datafield><datafield ind1=" " ind2=" " tag="310"><subfield code="a">Weekly</subfield></datafield><datafield ind1="1" ind2=" " tag="362"><subfield code="a">Began in 1901.</subfield></datafield><datafield ind1="0" ind2=" " tag="362"><subfield code="a">-v. 82, no. 5 (Jan. 29, 1981).</subfield></datafield><datafield ind1=" " ind2=" " tag="530"><subfield code="a">Available on microfilm from the Minnesota Historical Society.</subfield></datafield><datafield ind1=" " ind2=" " tag="588"><subfield code="a">Description based on: Vol. 49, no. 4 (Apr. 1, 1948).</subfield></datafield><datafield ind1=" " ind2="0" tag="651"><subfield code="a">Emmons (Minn.)</subfield><subfield code="v">Newspapers.</subfield></datafield><datafield ind1=" " ind2="7" tag="655"><subfield code="a">Newspapers.</subfield><subfield code="2">fast</subfield><subfield code="0">(OCoLC)fst01423814</subfield></datafield><datafield ind1=" " ind2="7" tag="651"><subfield code="a">Minnesota</subfield><subfield code="z">Emmons.</subfield><subfield code="2">fast</subfield><subfield code="0">(OCoLC)fst01252249</subfield></datafield><datafield ind1=" " ind2=" " tag="752"><subfield code="a">United States</subfield><subfield code="b">Minnesota</subfield><subfield code="c">Freeborn</subfield><subfield code="d">Emmons.</subfield></datafield><datafield ind1="0" ind2="0" tag="780"><subfield code="t">State line courier</subfield></datafield><datafield ind1="0" ind2="7" tag="785"><subfield code="t">Shell Rock press</subfield><subfield code="w">(DLC)sn 89064105</subfield></datafield><datafield ind1="0" ind2="7" tag="785"><subfield code="t">Leader-press (Glenville, Minn.)</subfield><subfield code="w">(DLC)sn 89064106</subfield></datafield></record>